<record><leader>00000cas a2200000 a 4500</leader><controlfield tag="001">9503065</controlfield><controlfield tag="008">830512u1849uuuunyu x ne      0    0eng c</controlfield><datafield ind1=" " ind2=" " tag="010"><subfield code="a">sn 83030401 </subfield></datafield><datafield ind1=" " ind2=" " tag="040"><subfield code="a">NPU</subfield><subfield code="b">eng</subfield><subfield code="c">NPU</subfield><subfield code="d">CNK</subfield><subfield code="d">NVF</subfield><subfield code="d">NYS</subfield><subfield code="d">OCLCQ</subfield><subfield code="d">OCLCF</subfield><subfield code="d">OCLCO</subfield></datafield><datafield ind1="1" ind2=" " tag="029"><subfield code="a">AU@</subfield><subfield code="b">000020628572</subfield></datafield><datafield ind1=" " ind2=" " tag="042"><subfield code="a">pcc</subfield></datafield><datafield ind1=" " ind2=" " tag="043"><subfield code="a">n-us-ny</subfield></datafield><datafield ind1="0" ind2="4" tag="245"><subfield code="a">The New-York tribune :</subfield><subfield code="b">for European circulation.</subfield></datafield><datafield ind1="3" ind2="0" tag="246"><subfield code="a">New-York tribune for Europe</subfield></datafield><datafield ind1=" " ind2=" " tag="260"><subfield code="a">New York :</subfield><subfield code="b">Greeley &amp; McElrath</subfield></datafield><datafield ind1=" " ind2=" " tag="300"><subfield code="a">v. ;</subfield><subfield code="c">52 cm.</subfield></datafield><datafield ind1="1" ind2=" " tag="362"><subfield code="a">Began in 1849.</subfield><subfield code="z">Cf. Fox, New York City newsp.</subfield></datafield><datafield ind1=" " ind2=" " tag="500"><subfield code="a">Published on the departure of each mail streamer for Liverpool.</subfield></datafield><datafield ind1=" " ind2=" " tag="500"><subfield code="a">Editors: Horace Greeley; Henry J. Raymond; Sarah Margaret Fuller; Charles A. Dana.</subfield></datafield><datafield ind1=" " ind2=" " tag="588"><subfield code="a">Description based on: Vol. 1, no. 17 (July 17, 1849).</subfield></datafield><datafield ind1=" " ind2="0" tag="651"><subfield code="a">New York (N.Y.)</subfield><subfield code="v">Newspapers.</subfield></datafield><datafield ind1=" " ind2="0" tag="651"><subfield code="a">New York County (N.Y.)</subfield><subfield code="v">Newspapers.</subfield></datafield><datafield ind1=" " ind2="7" tag="655"><subfield code="a">Newspapers.</subfield><subfield code="2">fast</subfield><subfield code="0">(OCoLC)fst01423814</subfield></datafield><datafield ind1=" " ind2="7" tag="651"><subfield code="a">New York (State)</subfield><subfield code="z">New York.</subfield><subfield code="2">fast</subfield><subfield code="0">(OCoLC)fst01204333</subfield></datafield><datafield ind1=" " ind2="7" tag="651"><subfield code="a">New York (State)</subfield><subfield code="z">New York County.</subfield><subfield code="2">fast</subfield><subfield code="0">(OCoLC)fst01234953</subfield></datafield><datafield ind1=" " ind2=" " tag="752"><subfield code="a">United States</subfield><subfield code="b">New York</subfield><subfield code="c">New York</subfield><subfield code="d">New York.</subfield></datafield><datafield ind1="0" ind2=" " tag="775"><subfield code="t">New-York daily tribune</subfield><subfield code="w">(DLC)sn 83030213</subfield></datafield><datafield ind1="0" ind2=" " tag="775"><subfield code="t">New-York semi-weekly tribune (New York, N.Y. : 1845)</subfield><subfield code="w">(DLC)sn 83030279</subfield></datafield><datafield ind1="0" ind2=" " tag="775"><subfield code="t">Semi-weekly tribune (New York, N.Y.)</subfield><subfield code="w">(DLC)sn 85025980</subfield></datafield><datafield ind1="0" ind2=" " tag="775"><subfield code="t">New-York weekly tribune</subfield><subfield code="w">(DLC)sn 83030280</subfield></datafield><datafield ind1="0" ind2=" " tag="775"><subfield code="t">New-York tribune for California, Oregon and the Sandwich Islands</subfield><subfield code="w">(DLC)sn 85026009</subfield></datafield></record>